<?xml version="1.0" encoding="UTF-8"?>
  <record xmlns="http://www.loc.gov/MARC21/slim" type="Authority">
    <leader>00000nz  a2200000nc 4500</leader>
    <controlfield tag="001">11864162X</controlfield>
    <controlfield tag="003">DE-101</controlfield>
    <controlfield tag="005">20211111130047.0</controlfield>
    <controlfield tag="008">880701n||azznnaabn           | aaa    |c</controlfield>
    <datafield tag="024" ind1="7" ind2=" ">
      <subfield code="a">11864162X</subfield>
      <subfield code="0">http://d-nb.info/gnd/11864162X</subfield>
      <subfield code="2">gnd</subfield>
    </datafield>
    <datafield tag="035" ind1=" " ind2=" ">
      <subfield code="a">(DE-101)11864162X</subfield>
    </datafield>
    <datafield tag="035" ind1=" " ind2=" ">
      <subfield code="a">(DE-588)11864162X</subfield>
    </datafield>
    <datafield tag="035" ind1=" " ind2=" ">
      <subfield code="z">(DE-588a)11864162X</subfield>
      <subfield code="9">v:zg</subfield>
    </datafield>
    <datafield tag="035" ind1=" " ind2=" ">
      <subfield code="z">(DE-588c)4076074-1</subfield>
      <subfield code="9">v:zg</subfield>
    </datafield>
    <datafield tag="040" ind1=" " ind2=" ">
      <subfield code="a">DE-101</subfield>
      <subfield code="c">DE-101</subfield>
      <subfield code="9">r:DE-101</subfield>
      <subfield code="b">ger</subfield>
      <subfield code="d">1403</subfield>
    </datafield>
    <datafield tag="042" ind1=" " ind2=" ">
      <subfield code="a">gnd1</subfield>
    </datafield>
    <datafield tag="043" ind1=" " ind2=" ">
      <subfield code="c">XA-ES</subfield>
    </datafield>
    <datafield tag="065" ind1=" " ind2=" ">
      <subfield code="a">16.5p</subfield>
      <subfield code="2">sswd</subfield>
    </datafield>
    <datafield tag="075" ind1=" " ind2=" ">
      <subfield code="b">p</subfield>
      <subfield code="2">gndgen</subfield>
    </datafield>
    <datafield tag="075" ind1=" " ind2=" ">
      <subfield code="b">piz</subfield>
      <subfield code="2">gndspec</subfield>
    </datafield>
    <datafield tag="079" ind1=" " ind2=" ">
      <subfield code="a">g</subfield>
      <subfield code="q">s</subfield>
      <subfield code="q">f</subfield>
      <subfield code="u">w</subfield>
      <subfield code="u">o</subfield>
    </datafield>
    <datafield tag="100" ind1="0" ind2=" ">
      <subfield code="a">Philipp</subfield>
      <subfield code="b">I.</subfield>
      <subfield code="c">Kastilien, König</subfield>
      <subfield code="d">1478-1506</subfield>
    </datafield>
    <datafield tag="375" ind1=" " ind2=" ">
      <subfield code="a">1</subfield>
      <subfield code="2">iso5218</subfield>
    </datafield>
    <datafield tag="400" ind1="0" ind2=" ">
      <subfield code="a">Felipe</subfield>
      <subfield code="b">I.</subfield>
      <subfield code="c">Castilla, Rey</subfield>
      <subfield code="d">1478-1506</subfield>
    </datafield>
    <datafield tag="400" ind1="0" ind2=" ">
      <subfield code="a">Felipe</subfield>
      <subfield code="b">I.</subfield>
      <subfield code="c">España, Rey</subfield>
      <subfield code="d">1478-1506</subfield>
    </datafield>
    <datafield tag="400" ind1="0" ind2=" ">
      <subfield code="a">Philipp</subfield>
      <subfield code="c">der Schöne, 1478-1506</subfield>
      <subfield code="d">1478-1506</subfield>
    </datafield>
    <datafield tag="400" ind1="0" ind2=" ">
      <subfield code="a">Philipp</subfield>
      <subfield code="b">I.</subfield>
      <subfield code="c">Spanien, König</subfield>
      <subfield code="d">1478-1506</subfield>
    </datafield>
    <datafield tag="400" ind1="0" ind2=" ">
      <subfield code="a">Philippe</subfield>
      <subfield code="c">Bourgogne, Duc, IV</subfield>
      <subfield code="d">1478-1506</subfield>
    </datafield>
    <datafield tag="400" ind1="0" ind2=" ">
      <subfield code="a">Philippus</subfield>
      <subfield code="c">Austria, Archidux</subfield>
      <subfield code="d">1478-1506</subfield>
    </datafield>
    <datafield tag="400" ind1="0" ind2=" ">
      <subfield code="a">Philippus</subfield>
      <subfield code="b">I.</subfield>
      <subfield code="c">Hispania, Rex</subfield>
      <subfield code="d">1478-1506</subfield>
    </datafield>
    <datafield tag="400" ind1="0" ind2=" ">
      <subfield code="a">Philippus</subfield>
      <subfield code="c">Pulcher, 1478-1506</subfield>
      <subfield code="d">1478-1506</subfield>
    </datafield>
    <datafield tag="400" ind1="0" ind2=" ">
      <subfield code="a">Philipp</subfield>
      <subfield code="b">I.</subfield>
      <subfield code="c">Erzherzog</subfield>
      <subfield code="d">1478-1506</subfield>
    </datafield>
    <datafield tag="400" ind1="0" ind2=" ">
      <subfield code="a">Philipp</subfield>
      <subfield code="b">I.</subfield>
      <subfield code="c">von Habsburg</subfield>
      <subfield code="d">1478-1506</subfield>
    </datafield>
    <datafield tag="400" ind1="0" ind2=" ">
      <subfield code="a">Philipp</subfield>
      <subfield code="c">der Schöne</subfield>
      <subfield code="d">1478-1506</subfield>
    </datafield>
    <datafield tag="400" ind1="0" ind2=" ">
      <subfield code="a">Philipp</subfield>
      <subfield code="c">von Burgund</subfield>
      <subfield code="d">1478-1506</subfield>
    </datafield>
    <datafield tag="400" ind1="0" ind2=" ">
      <subfield code="a">Philippe</subfield>
      <subfield code="c">le Beau</subfield>
      <subfield code="d">1478-1506</subfield>
    </datafield>
    <datafield tag="400" ind1="0" ind2=" ">
      <subfield code="a">Philipp</subfield>
      <subfield code="b">I</subfield>
      <subfield code="c">König von Spanien</subfield>
      <subfield code="d">1478-1506</subfield>
    </datafield>
    <datafield tag="400" ind1="0" ind2=" ">
      <subfield code="a">Felipe</subfield>
      <subfield code="b">I</subfield>
      <subfield code="c">König von Kastilien</subfield>
      <subfield code="d">1478-1506</subfield>
    </datafield>
    <datafield tag="400" ind1="0" ind2=" ">
      <subfield code="a">Philippe</subfield>
      <subfield code="b">IV</subfield>
      <subfield code="c">Duc de Bourgogne</subfield>
      <subfield code="d">1478-1506</subfield>
    </datafield>
    <datafield tag="400" ind1="0" ind2=" ">
      <subfield code="a">Philipp</subfield>
      <subfield code="b">IV</subfield>
      <subfield code="c">Herzog von Burgund</subfield>
      <subfield code="d">1478-1506</subfield>
    </datafield>
    <datafield tag="400" ind1="0" ind2=" ">
      <subfield code="a">Felipe</subfield>
      <subfield code="b">I</subfield>
      <subfield code="c">Rey, Castilla</subfield>
      <subfield code="d">1478-1506</subfield>
    </datafield>
    <datafield tag="400" ind1="0" ind2=" ">
      <subfield code="a">Philippe</subfield>
      <subfield code="c">von Burgund</subfield>
      <subfield code="d">1478-1506</subfield>
    </datafield>
    <datafield tag="400" ind1="0" ind2=" ">
      <subfield code="a">Philipp</subfield>
      <subfield code="b">I</subfield>
      <subfield code="c">König von Kastilien</subfield>
      <subfield code="d">1478-1506</subfield>
    </datafield>
    <datafield tag="400" ind1="0" ind2=" ">
      <subfield code="a">Felipe</subfield>
      <subfield code="c">el Hermoso</subfield>
      <subfield code="d">1478-1506</subfield>
    </datafield>
    <datafield tag="400" ind1="0" ind2=" ">
      <subfield code="a">Philip</subfield>
      <subfield code="b">I</subfield>
      <subfield code="c">King of Castile</subfield>
      <subfield code="d">1478-1506</subfield>
    </datafield>
    <datafield tag="500" ind1="0" ind2=" ">
      <subfield code="0">(DE-101)118579371</subfield>
      <subfield code="0">(DE-588)118579371</subfield>
      <subfield code="0">https://d-nb.info/gnd/118579371</subfield>
      <subfield code="a">Maximilian</subfield>
      <subfield code="b">I.</subfield>
      <subfield code="c">Heiliges Römisches Reich, Kaiser</subfield>
      <subfield code="d">1459-1519</subfield>
      <subfield code="4">bezf</subfield>
      <subfield code="4">https://d-nb.info/standards/elementset/gnd#familialRelationship</subfield>
      <subfield code="w">r</subfield>
      <subfield code="i">Beziehung familiaer</subfield>
      <subfield code="e">Beziehung familiaer</subfield>
      <subfield code="9">v:Vater</subfield>
    </datafield>
    <datafield tag="500" ind1="0" ind2=" ">
      <subfield code="0">(DE-101)118730983</subfield>
      <subfield code="0">(DE-588)118730983</subfield>
      <subfield code="0">https://d-nb.info/gnd/118730983</subfield>
      <subfield code="a">Margarete</subfield>
      <subfield code="c">Österreich, Prinzessin</subfield>
      <subfield code="d">1480-1530</subfield>
      <subfield code="4">bezf</subfield>
      <subfield code="4">https://d-nb.info/standards/elementset/gnd#familialRelationship</subfield>
      <subfield code="w">r</subfield>
      <subfield code="i">Beziehung familiaer</subfield>
      <subfield code="e">Beziehung familiaer</subfield>
      <subfield code="9">v:Schwester</subfield>
    </datafield>
    <datafield tag="500" ind1="0" ind2=" ">
      <subfield code="0">(DE-101)118557793</subfield>
      <subfield code="0">(DE-588)118557793</subfield>
      <subfield code="0">https://d-nb.info/gnd/118557793</subfield>
      <subfield code="a">Johanna</subfield>
      <subfield code="c">Kastilien, Königin</subfield>
      <subfield code="d">1479-1555</subfield>
      <subfield code="4">bezf</subfield>
      <subfield code="4">https://d-nb.info/standards/elementset/gnd#familialRelationship</subfield>
      <subfield code="w">r</subfield>
      <subfield code="i">Beziehung familiaer</subfield>
      <subfield code="e">Beziehung familiaer</subfield>
      <subfield code="9">v:Ehefrau</subfield>
    </datafield>
    <datafield tag="500" ind1="0" ind2=" ">
      <subfield code="0">(DE-101)119170531</subfield>
      <subfield code="0">(DE-588)119170531</subfield>
      <subfield code="0">https://d-nb.info/gnd/119170531</subfield>
      <subfield code="a">Maria</subfield>
      <subfield code="c">Ungarn, Königin</subfield>
      <subfield code="d">1505-1558</subfield>
      <subfield code="4">bezf</subfield>
      <subfield code="4">https://d-nb.info/standards/elementset/gnd#familialRelationship</subfield>
      <subfield code="w">r</subfield>
      <subfield code="i">Beziehung familiaer</subfield>
      <subfield code="e">Beziehung familiaer</subfield>
      <subfield code="9">v:Tochter</subfield>
    </datafield>
    <datafield tag="500" ind1="0" ind2=" ">
      <subfield code="0">(DE-101)118560093</subfield>
      <subfield code="0">(DE-588)118560093</subfield>
      <subfield code="0">https://d-nb.info/gnd/118560093</subfield>
      <subfield code="a">Karl</subfield>
      <subfield code="b">V.</subfield>
      <subfield code="c">Heiliges Römisches Reich, Kaiser</subfield>
      <subfield code="d">1500-1558</subfield>
      <subfield code="4">bezf</subfield>
      <subfield code="4">https://d-nb.info/standards/elementset/gnd#familialRelationship</subfield>
      <subfield code="w">r</subfield>
      <subfield code="i">Beziehung familiaer</subfield>
      <subfield code="e">Beziehung familiaer</subfield>
      <subfield code="9">v:Sohn</subfield>
    </datafield>
    <datafield tag="500" ind1="0" ind2=" ">
      <subfield code="0">(DE-101)118532502</subfield>
      <subfield code="0">(DE-588)118532502</subfield>
      <subfield code="0">https://d-nb.info/gnd/118532502</subfield>
      <subfield code="a">Ferdinand</subfield>
      <subfield code="b">I.</subfield>
      <subfield code="c">Heiliges Römisches Reich, Kaiser</subfield>
      <subfield code="d">1503-1564</subfield>
      <subfield code="4">bezf</subfield>
      <subfield code="4">https://d-nb.info/standards/elementset/gnd#familialRelationship</subfield>
      <subfield code="w">r</subfield>
      <subfield code="i">Beziehung familiaer</subfield>
      <subfield code="e">Beziehung familiaer</subfield>
      <subfield code="9">v:Sohn</subfield>
    </datafield>
    <datafield tag="500" ind1="0" ind2=" ">
      <subfield code="0">(DE-101)119388871</subfield>
      <subfield code="0">(DE-588)119388871</subfield>
      <subfield code="0">https://d-nb.info/gnd/119388871</subfield>
      <subfield code="a">Katharina</subfield>
      <subfield code="c">Portugal, Königin</subfield>
      <subfield code="d">1507-1578</subfield>
      <subfield code="4">bezf</subfield>
      <subfield code="4">https://d-nb.info/standards/elementset/gnd#familialRelationship</subfield>
      <subfield code="w">r</subfield>
      <subfield code="i">Beziehung familiaer</subfield>
      <subfield code="e">Beziehung familiaer</subfield>
      <subfield code="9">v:Tochter</subfield>
    </datafield>
    <datafield tag="500" ind1="1" ind2=" ">
      <subfield code="0">(DE-101)100941575</subfield>
      <subfield code="0">(DE-588)100941575</subfield>
      <subfield code="0">https://d-nb.info/gnd/100941575</subfield>
      <subfield code="a">François, Michel</subfield>
      <subfield code="d">1435-1502</subfield>
      <subfield code="4">beza</subfield>
      <subfield code="4">https://d-nb.info/standards/elementset/gnd#acquaintanceshipOrFriendship</subfield>
      <subfield code="w">r</subfield>
      <subfield code="i">Bekanntschaft</subfield>
      <subfield code="e">Bekanntschaft</subfield>
      <subfield code="9">v:Erzieher</subfield>
    </datafield>
    <datafield tag="548" ind1=" " ind2=" ">
      <subfield code="a">1478-1506</subfield>
      <subfield code="4">datl</subfield>
      <subfield code="4">https://d-nb.info/standards/elementset/gnd#dateOfBirthAndDeath</subfield>
      <subfield code="w">r</subfield>
      <subfield code="i">Lebensdaten</subfield>
    </datafield>
    <datafield tag="550" ind1=" " ind2=" ">
      <subfield code="0">(DE-101)040315169</subfield>
      <subfield code="0">(DE-588)4031516-2</subfield>
      <subfield code="0">https://d-nb.info/gnd/4031516-2</subfield>
      <subfield code="a">König</subfield>
      <subfield code="4">adel</subfield>
      <subfield code="4">https://d-nb.info/standards/elementset/gnd#titleOfNobility</subfield>
      <subfield code="w">r</subfield>
      <subfield code="i">Adelstitel</subfield>
    </datafield>
    <datafield tag="550" ind1=" " ind2=" ">
      <subfield code="0">(DE-101)040004643</subfield>
      <subfield code="0">(DE-588)4000464-8</subfield>
      <subfield code="0">https://d-nb.info/gnd/4000464-8</subfield>
      <subfield code="a">Adel</subfield>
      <subfield code="4">obin</subfield>
      <subfield code="4">https://d-nb.info/standards/elementset/gnd#broaderTermInstantial</subfield>
      <subfield code="w">r</subfield>
      <subfield code="i">Oberbegriff instantiell</subfield>
    </datafield>
    <datafield tag="667" ind1=" " ind2=" ">
      <subfield code="a">VD-17</subfield>
    </datafield>
    <datafield tag="670" ind1=" " ind2=" ">
      <subfield code="u">http://de.wikipedia.org/wiki/Philipp_I._(Kastilien)</subfield>
    </datafield>
    <datafield tag="670" ind1=" " ind2=" ">
      <subfield code="a">M</subfield>
    </datafield>
    <datafield tag="670" ind1=" " ind2=" ">
      <subfield code="a">LCAuth</subfield>
    </datafield>
    <datafield tag="913" ind1=" " ind2=" ">
      <subfield code="S">pnd</subfield>
      <subfield code="i">5</subfield>
      <subfield code="a">Philipp &lt;Kastilien, König, I.&gt;</subfield>
      <subfield code="0">(DE-588a)11864162X</subfield>
    </datafield>
  </record>
